@online{studiengangwechsel,
author = {Borcea-Pfitzmann, Katrin},
title = {Studiengangwechsel},
year = {2016},
url = {https://tu-dresden.de/ing/informatik/studium/faq/studiengangwechsel},
note = {Zuletzt besucht am 05.06.2019},
}
@online{antrag_anrechnung_wechsel,
author = {Studienfachberatung/Prüfungsamt},
title = {Antrag auf Anrechnung von Studien-und Prüfungsleistungen im Zuge eines Studiengangwechsels},
year = {2015},
url = {https://tu-dresden.de/ing/informatik/ressourcen/dateien/studium/formulare/allgemein/Formular_Studiengangswechsel.pdf?lang=de},
note = {Zuletzt besucht am 05.06.2019},
}
@online{antrag_anrechnung,
author = {Studienfachberatung/Prüfungsamt},
title = {Antrag auf Anrechnung von Studien-und Prüfungsleistungen im Zuge eines Studiengangwechsels},
year = {2015},
url = {https://tu-dresden.de/ing/informatik/ressourcen/dateien/studium/formulare/allgemein/Antrag_Anrechnung_Stl_Pl.pdf?lang=de},
note = {Zuletzt besucht am 05.06.2019},
}
@online{pruefungsordnung_ba,
author = {Informatik-Fakultät},
title = {Prüfungsordnung für den Bachelor-Studiengang Informatik},
year = {2016},
url = {http://www.verw.tu-dresden.de/AmtBek/PDF-Dateien/2016-06/11poBA24.04.2016.pdf},
note = {Zuletzt besucht am 05.06.2019, Seite 47},
}
